<record><leader>00000cas a22000007a 4500</leader><controlfield tag="001">13276706</controlfield><controlfield tag="008">860310d19741977wiuwr ne      0    0eng d</controlfield><datafield ind1=" " ind2=" " tag="010"><subfield code="a">sn 86086357 </subfield></datafield><datafield ind1=" " ind2=" " tag="040"><subfield code="a">NPV</subfield><subfield code="b">eng</subfield><subfield code="c">NPV</subfield><subfield code="d">OCLCQ</subfield></datafield><datafield ind1=" " ind2=" " tag="042"><subfield code="a">msc</subfield></datafield><datafield ind1=" " ind2=" " tag="045"><subfield code="a">x7x7</subfield></datafield><datafield ind1=" " ind2=" " tag="052"><subfield code="a">4123</subfield><subfield code="b">W6</subfield><subfield code="b">O8</subfield></datafield><datafield ind1="0" ind2=" " tag="130"><subfield code="a">Press-star (New London, Wis. : 1974)</subfield></datafield><datafield ind1="1" ind2="0" tag="245"><subfield code="a">Press-star.</subfield></datafield><datafield ind1=" " ind2=" " tag="260"><subfield code="a">New London, Wis. :</subfield><subfield code="b">H. Sanstadt,</subfield><subfield code="c">1974-1977.</subfield></datafield><datafield ind1=" " ind2=" " tag="300"><subfield code="a">8 v. :</subfield><subfield code="b">ill.</subfield></datafield><datafield ind1=" " ind2=" " tag="310"><subfield code="a">Weekly</subfield></datafield><datafield ind1="0" ind2=" " tag="362"><subfield code="a">Vol. 83, no. 26 (June 26, 1974)-v. 84, no. 29 (July 16, 1975) ; v. 89, no. 30 (July 23, 1975)-v. 91, no. 26 (July 7, 1977).</subfield></datafield><datafield ind1=" " ind2=" " tag="500"><subfield code="a">Editors: H. Sanstadt, June 26, 1974-Dec. 3, 1975; J. Halverson, Dec. 10, 1975-July 7, 1977.</subfield></datafield><datafield ind1=" " ind2=" " tag="530"><subfield code="a">Available on microfilm from The State Historical Society of Wisconsin.</subfield></datafield><datafield ind1=" " ind2=" " tag="752"><subfield code="a">United States</subfield><subfield code="b">Wisconsin</subfield><subfield code="c">Waupaca</subfield><subfield code="d">New London.</subfield></datafield><datafield ind1=" " ind2=" " tag="752"><subfield code="a">United States</subfield><subfield code="b">Wisconsin</subfield><subfield code="c">Outagamie</subfield><subfield code="d">New London.</subfield></datafield><datafield ind1="0" ind2="4" tag="780"><subfield code="t">New London press (New London, Wis. : 1957)</subfield><subfield code="w">(DLC)sn 86086356</subfield></datafield><datafield ind1="0" ind2="4" tag="780"><subfield code="t">Hortonville star</subfield><subfield code="w">(DLC)sn 85040621</subfield></datafield><datafield ind1="0" ind2="0" tag="785"><subfield code="t">Monday press-star</subfield><subfield code="w">(DLC)sn 86086358</subfield></datafield><datafield ind1="1" ind2=" " tag="029"><subfield code="a">AU@</subfield><subfield code="b">000025827415</subfield></datafield></record>